@book{needham1995shorter,
  title={The shorter science and civilisation in China},
  author={Needham, Joseph and Ronan, Colin A},
  volume={5},
  year={1995},
  publisher={Cambridge University Press}
}

@book{belzer1976,
  title={Encyclopedia of Computer Science and Technology},
  author={Jack Belzer, Albert G. Holzman, Allen Kent},
  volume={5},
  year={1976},
  publisher={CRC Press}
}

@misc{weblatex,
  title = {{\LaTeX} Wikibook},
  author={Comunidad Wikibooks},
  howpublished = {\url{https://en.wikibooks.org/wiki/LaTeX}}
}

@misc{webcontexthp,
  title = {{Con\TeX t} Wiki},
  author={Patrick Gundlach},
  howpublished = {\url{http://wiki.contextgarden.net/Main_Page}}
}

@misc{weblatexhp,
  title = {{\LaTeX} - A document preparation system},
  author={Frank Mittelbach},
  howpublished = {\url{https://www.latex-project.org/}}
}

@misc{webtexhp,
  title = {{\TeX} Users Group},
  author={Robin Laakso},
  howpublished = {\url{https://tug.org/}}
}

@misc{webrubyhp,
  title = {Ruby Programming Language},
  author={Ruby community},
  howpublished = {\url{https://www.ruby-lang.org/}}
}

@misc{webmarkdownhp,
  title = {Markdown Project},
  author={John Gruber},
  howpublished = {\url{https://daringfireball.net/projects/markdown/}}
}

@misc{webcurlhp,
  title = {Curl Language},
  author={SCSK Corporation},
  howpublished = {\url{http://www.curl.com/products/prod/language/}}
}

@misc{webtroffhp,
  title = {troff - The Text Processor for Typesetters},
  author={Ralph Corderoy},
  howpublished = {\url{http://troff.org/}}
}

@misc{weblinotype,
  title = {Linotype History},
  author={Monotype GmbH},
  howpublished = {\url{http://www.linotype.com/49/history.html}}
}

@book{eisenstein2005printing,
  title={The printing revolution in early modern Europe},
  author={Eisenstein, Elizabeth L},
  year={2005},
  publisher={Cambridge University Press}
}

@article{needham1986science,
  title={Science and Civilization in China: Volume 5, Chemistry and Chemical Technology, Part 1, Paper and Printing},
  author={Needham, Joseph and Tsuen-Hsuin, Tsien},
  journal={Taipei: Caves Books, Ltd},
  year={1986}
}

@book{man2010gutenberg,
  title={The Gutenberg Revolution},
  author={Man, John},
  year={2010},
  publisher={Random House}
}

@article{sohn1959early,
  title={Early Korean Printing},
  author={Sohn, Pow-key},
  journal={Journal of the American Oriental Society},
  volume={79},
  number={2},
  pages={96--103},
  year={1959},
  publisher={JSTOR}
}

@article{christensen2008gutenberg,
  title={Gutenberg and the koreans: Did east asian printing traditions influence the european renaissance?},
  author={Christensen, Thomas},
  journal={Arts of Asia Magazine, Arts of Asia Publications Limited, Hong Kong, http://www.rightreading.com/printing/gutenberg.asia/gutenberg-asia-6-china-blockbook.htm},
  year={2008}
}

@article{sohn1993printing,
  title={Printing since the 8th Century in Korea},
  author={Sohn, Pow-Key},
  journal={Koreana},
  volume={7},
  pages={4--9},
  year={1993}
}

@book{twyman1998british,
  title={The British Library guide to printing: history and techniques},
  author={Twyman, Michael},
  year={1998},
  publisher={University of Toronto Press}
}

@book{eckersley2008glossary,
  title={Glossary of typesetting terms},
  author={Eckersley, Richard and Angstadt, Richard and Ellertson, Charles M and Hendel, Richard},
  year={2008},
  publisher={University of Chicago Press}
}

@misc{webbps,
  title = {British Printing Society: History of Printing},
  author={British Printing Society},
  howpublished = {\url{http://www.bpsnet.org.uk/history_print.html}}
}

@book{edgerton1983electronic,
  title={Electronic flash, strobe},
  author={Edgerton, Harold E},
  year={1983},
  publisher={Mit Press}
}

@book{michael1965computer,
  title={Computer Typesetting: Experiments and Prospects},
  author={Michael P.. Barnett},
  year={1965},
  publisher={MIT Press}
}

@article{phillips1968computer,
  title={Computer peripherals and typesetting: a study of the man-machine interface incorporating a survey of computer peripherals and typographic composing equipment},
  author={Phillips, Arthur H},
  year={1968},
  publisher={HM Stationery Off.}
}

@article{zadeh1977encyclopedia,
  title={Encyclopedia of Computer Science and Technology},
  author={Zadeh, LA and Belzer, In J and Holzman, A and Kenit, A},
  journal={Mareel Dekker, New York},
  volume={8},
  year={1977}
}

@article{thompson1980exp,
  title={Experience with the Mergethaler Linotron 202 Phototypesetter, or, How We Spent Our Summer Vacation},
  author={Thompson, Ken and Condon, Joe and Kernighan, Brian},
  year={1980},
  publisher={Bell Laboratories}
}

@book{ossanna1976nroff,
  title={NROFF/TROFF user's manual},
  author={Ossanna, Joseph F},
  year={1976},
  publisher={Citeseer}
}

@book{scott2000programming,
  title={Programming language pragmatics},
  author={Scott, Michael Lee},
  year={2000},
  publisher={Morgan Kaufmann}
}

@misc{knuth1984texbook,
  title={The {\TeX book}, volume {A} of Computers and typesetting},
  author={Knuth, Donald E},
  year={1984},
  publisher={Addison-Wesley, Reading, Massachusetts,}
}

@article{knuth1999digital,
  title={Digital typography, volume 78 of {CSLI} lecture notes},
  author={Knuth, Donald E},
  journal={CLSI Publ},
  year={1999}
}

@article{knuth1965translation,
  title={On the translation of languages from left to right},
  author={Knuth, Donald E},
  journal={Information and control},
  volume={8},
  number={6},
  pages={607--639},
  year={1965},
  publisher={Elsevier}
}


@misc{webtex,
  title = {{\TeX} Frequently Asked Questions (UK List)},
  author={Stefan Kottwitz},
  howpublished = {\url{http://www.tex.ac.uk/}}
}

@book{salomon2012advanced,
  title={The Advanced TEXbook},
  author={Salomon, David},
  year={2012},
  publisher={Springer Science \& Business Media}
}

@article{coombs1987markup,
  title={Markup systems and the future of scholarly text processing},
  author={Coombs, James H and Renear, Allen H and DeRose, Steven J},
  journal={Communications of the ACM},
  volume={30},
  number={11},
  pages={933--947},
  year={1987},
  publisher={ACM}
}

@techreport{reid1980scribe,
  title={Scribe: A document specification language and its compiler},
  author={Reid, Brian K},
  year={1980},
  institution={DTIC Document}
}

@article{mernik2005and,
  title={When and how to develop domain-specific languages},
  author={Mernik, Marjan and Heering, Jan and Sloane, Anthony M},
  journal={ACM computing surveys (CSUR)},
  volume={37},
  number={4},
  pages={316--344},
  year={2005},
  publisher={ACM}
}

@inproceedings{cargill1993case,
  title={The case against multiple inheritance in C++},
  author={Cargill, Thomas A.},
  booktitle={The evolution of C++},
  pages={101--109},
  year={1993},
  organization={MIT Press}
}

@book{bruce2002foundations,
  title={Foundations of object-oriented languages: types and semantics},
  author={Bruce, Kim B},
  publisher={The MIT Press},
  year={2002}
}

@misc{dlswork,
  title={Language Workbenches: The Killer-App for Domain Specific Languages?},
  author={Fowler, Martin},
  year={2005},
  howpublished={\url{http://martinfowler.com/articles/languageWorkbench.html}},
  note = {Revisado: 2016-02-18}
}
